<?xml version="1.0" encoding="UTF-8"?><record xmlns="http://www.loc.gov/MARC21/slim" xmlns:cinclude="http://apache.org/cocoon/include/1.0" xmlns:zs="http://www.loc.gov/zing/srw/">
  <leader>00534cz  a2200145n  4500</leader>
  <controlfield tag="001">n 2012019919</controlfield>
  <controlfield tag="003">DLC</controlfield>
  <controlfield tag="005">20130126074909.0</controlfield>
  <controlfield tag="008">120326n| acannaabn          |a ana      </controlfield>
  <datafield tag="010" ind1=" " ind2=" ">
    <subfield code="a">n 2012019919</subfield>
  </datafield>
  <datafield tag="035" ind1=" " ind2=" ">
    <subfield code="a">(OCoLC)oca09154758</subfield>
  </datafield>
  <datafield tag="040" ind1=" " ind2=" ">
    <subfield code="a">DLC</subfield>
    <subfield code="b">eng</subfield>
    <subfield code="c">DLC</subfield>
    <subfield code="d">DLC</subfield>
    <subfield code="d">DNLM</subfield>
  </datafield>
  <datafield tag="110" ind1="2" ind2=" ">
    <subfield code="a">Universität Bonn.</subfield>
    <subfield code="b">Zentrum für Evaluation und Methoden</subfield>
  </datafield>
  <datafield tag="410" ind1="2" ind2=" ">
    <subfield code="a">Universität Bonn.</subfield>
    <subfield code="b">ZEM</subfield>
  </datafield>
  <datafield tag="670" ind1=" " ind2=" ">
    <subfield code="a">Forschung und Beratung, das Zentrum für Evaluation und Methoden, 2009:</subfield>
    <subfield code="b">t.p. (Zentrum für Evaluation und Methoden) p. 11, etc. (fdd. 1999; ZEM)</subfield>
  </datafield>
</record>